
@online{10DESCUENTOConector,
  title = {1.3€ 10\% de {{DESCUENTO}}|{{Conector}} Hembra {{OBD2}}, Adaptador de Interfaz de Diagnóstico {{Obd Ii}}, Enchufes de Cable Hembra, 16 pines|{{Conectores}}| - {{AliExpress}}},
  url = {//es.aliexpress.com/item/4000544285103.html?src=ibdm_d03p0558e02r02&sk=&aff_platform=&aff_trace_key=&af=&cv=&cn=&dp=},
  urldate = {2022-07-09},
  abstract = {¡Compra fácil, vive mejor!  Aliexpress.com},
  organization = {{aliexpress.com}},
  file = {/home/javinator9889/Zotero/storage/B9ZETDX8/4000544285103.html}
}

@online{4269LILYGO,
  title = {42.69€ |{{LILYGO}}® {{TTGO T SIM7000G Placa}} de Desarrollo {{SIM T SIM7000G}}, Módulo Inalámbrico {{ESP32}}, {{WiFi}}, {{Bluetooth}}, {{Antena GPS}}, Soporte de Expansión, Carga {{Solar}}|{{Circuitos}}| - {{AliExpress}}},
  url = {//es.aliexpress.com/item/4000542688096.html?src=ibdm_d03p0558e02r02&sk=&aff_platform=&aff_trace_key=&af=&cv=&cn=&dp=},
  urldate = {2022-07-09},
  abstract = {¡Compra fácil, vive mejor!  Aliexpress.com},
  organization = {{aliexpress.com}},
  file = {/home/javinator9889/Zotero/storage/2LA64F4F/4000542688096.html}
}

@online{AmazonComAupoko,
  title = {Amazon.Com: Aupoko {{OBD2~OBD-II}} 16~{{Pin Hembra Conector}} Para Abrir {{Plug Wire Cable}} de Diagnóstico : {{Automotriz}}},
  url = {https://www.amazon.com/-/es/aupoko-OBD2-OBD-II-16-Pin-Conector-diagn%C3%B3stico/dp/B06XYP9P91},
  urldate = {2022-07-09},
  file = {/home/javinator9889/Zotero/storage/TFK76P44/B06XYP9P91.html}
}

@online{AmazonComElm327,
  title = {Amazon.Com: {{Elm327 WiFi OBDii Interface OBD2}} Puede Bus Escáner Herramienta de Diagnóstico Con Chip Original 25k80 Compatible Con {{iOS}} / {{Android}} ({{V2}}.1) : {{Automotriz}}},
  url = {https://www.amazon.com/-/es/Interface-herramienta-diagn%C3%B3stico-original-compatible/dp/B07L4926C1},
  urldate = {2022-06-19},
  file = {/home/javinator9889/Zotero/storage/CHIUJFD9/B07L4926C1.html}
}

@online{ComparisonBluetoothBR,
  title = {Comparison of {{Bluetooth BR}}/{{EDR}} and {{Bluetooth LE Specifications}} - {{MATLAB}} \& {{Simulink}}},
  url = {https://www.mathworks.com/help//bluetooth/gs/comparison-of-bluetooth-bredr-and-bluetooth-le.html},
  urldate = {2022-07-09},
  file = {/home/javinator9889/Zotero/storage/H62PW7SQ/comparison-of-bluetooth-bredr-and-bluetooth-le.html}
}

@online{EOBDOBD2,
  title = {{{EOBD}} - {{OBD2}}},
  url = {https://obd2-elm327.es/informacion-sobre-eobd},
  urldate = {2022-06-21},
  file = {/home/javinator9889/Zotero/storage/863X2GH3/informacion-sobre-eobd.html}
}

@inreference{Ford2022,
  title = {Ford T},
  booktitle = {Wikipedia, la enciclopedia libre},
  date = {2022-05-24T22:49:59Z},
  url = {https://es.wikipedia.org/w/index.php?title=Ford_T&oldid=143757740},
  urldate = {2022-06-18},
  abstract = {El Ford Modelo T (abreviado a Ford T, coloquialmente conocido como Tin Lizzie o Flivver en EE. UU. y «Ford a bigotes» en Argentina)[7]\hspace{0pt} fue un automóvil barato producido por la Ford Motor Company de Henry Ford desde 1908 a 1927. Con este modelo se popularizó la producción en cadena, permitiendo bajar precios y facilitando la adquisición de los automóviles a la clase media.},
  langid = {spanish},
  annotation = {Page Version ID: 143757740},
  file = {/home/javinator9889/Zotero/storage/643SSNJZ/Ford_T.html}
}

@inreference{GPS2021,
  title = {GPS},
  booktitle = {Wikipedia, la enciclopedia libre},
  date = {2021-06-29T20:08:44Z},
  url = {https://es.wikipedia.org/w/index.php?title=GPS&oldid=136677430},
  urldate = {2021-07-01},
  abstract = {El Sistema de Posicionamiento Global (GPS; en inglés, Global Positioning System), originalmente Navstar GPS, es un sistema que permite posicionar cualquier objeto (una persona, un vehículo, etc) sobre la Tierra con una precisión de hasta centímetros (si se utiliza GPS diferencial), aunque lo común son unos pocos metros. El sistema fue desarrollado, instalado y empleado por el Departamento de Defensa de Estados Unidos, y actualmente es propiedad de la Fuerza Espacial de los Estados Unidos. Para determinar su posición, un usuario utiliza cuatro o más satélites y utiliza la trilateración.  Cuando se desea determinar la posición tridimensional, el receptor que se utiliza para ello localiza automáticamente como mínimo cuatro satélites de la red, de los que recibe unas señales indicando la identificación y hora del reloj de cada uno de ellos, además de información sobre la constelación. Con base en estas señales, el aparato sincroniza su propio reloj con el tiempo del sistema GPS y calcula el tiempo que tardan en llegar las señales al equipo, y de tal modo mide la distancia al satélite. Mediante el método de trilateración inversa, computa su propia posición. Se calcula también con una gran exactitud en el tiempo, basado en los relojes atómicos a bordo cada uno de los satélites y en el segmento terreno de GPS. Actualmente GPS consta de 31 satélites operativos.[1]\hspace{0pt}},
  langid = {spanish},
  annotation = {Page Version ID: 136677430},
  file = {/home/javinator9889/Zotero/storage/R76NB23G/index.html}
}

@article{hermawanAcquisitionModelingEvaluating2020,
  title = {Acquisition, {{Modeling}}, and {{Evaluating Method}} of {{Driving Behavior Based}} on {{OBD-II}}: {{A Literature Survey}}},
  shorttitle = {Acquisition, {{Modeling}}, and {{Evaluating Method}} of {{Driving Behavior Based}} on {{OBD-II}}},
  author = {Hermawan, Galih and Husni, Emir},
  date = {2020-07},
  journaltitle = {IOP Conference Series: Materials Science and Engineering},
  shortjournal = {IOP Conf. Ser.: Mater. Sci. Eng.},
  volume = {879},
  number = {1},
  pages = {012030},
  publisher = {{IOP Publishing}},
  issn = {1757-899X},
  doi = {10.1088/1757-899X/879/1/012030},
  url = {https://doi.org/10.1088/1757-899x/879/1/012030},
  urldate = {2022-06-25},
  abstract = {In this paper, we present the results of a literature survey related to driving behavior that aims to provide an overview of recent research related to driving behavior, including how to obtain data from onboard diagnostics (OBD-II), analyze data, model data, and evaluate models or systems. Driving behavior is closely related to driving habits that can be used for driver identification, driving characterization, improve fuel efficiency, and any other things. The contents of the discussion are arranged based on the research objectives, then will discuss the methods used and the evaluation results. Through this research is expected to provide insight into the acquisition and utilization of driving behavior for various things. Furthermore, provide an overview of research opportunities in the future.},
  langid = {english},
  file = {/home/javinator9889/Zotero/storage/DB8V3H6Z/Hermawan y Husni - 2020 - Acquisition, Modeling, and Evaluating Method of Dr.pdf}
}

@inreference{HistoriaAutomocion2022,
  title = {Historia de la automoción},
  booktitle = {Wikipedia, la enciclopedia libre},
  date = {2022-05-12T08:04:15Z},
  url = {https://es.wikipedia.org/w/index.php?title=Historia_de_la_automoci%C3%B3n&oldid=143484135},
  urldate = {2022-06-18},
  abstract = {La  historia de la automoción, en sentido estricto, comienza en el siglo XIX. La palabra deriva del griego αὐτός autós, «a sí mismo», y del latín mobilis, «que se mueve», sobre todo para distinguir entre los vehículos a motor y los de tracción animal. De estos vehículos autopropulsados se conocieron muchos tipos diferentes a través de las épocas. Una forma de clasificarlos sería el método empleado para la propulsión; desde este punto de vista, los más significativos fueron los impulsados por vapor del siglo XVIII. En 1860 Etienne Lenoir patentó el primer vehículo por motor de combustión interna con gasolina. Se puede dividir la evolución en una serie de etapas marcadas por los principales hitos tecnológicos. Uno de los inventos más característicos del siglo XX ha sido sin duda el automóvil. Los primeros prototipos se crearon a finales del siglo XIX pero no fue hasta la primera década del XX donde el público empezó a mirarlos como algo útil. El automóvil recorre las tres fases de los grandes medios de propulsión: vapor, electricidad y gasolina. El primer vehículo a vapor (1769) fue el Fardier, creado por Nicolas-Joseph Cugnot.   El primer automóvil con motor de combustión interna se atribuye a Karl Friedrich Benz en la ciudad de Mannheim en 1886 con el modelo Benz Patent-Motorwagen.[1]\hspace{0pt} Poco después, otros pioneros como Gottlieb Daimler y Wilhelm Maybach presentaron sus modelos. El primer viaje largo en un automóvil lo realizó Bertha Benz en 1889 al ir de Mannheim a Pforzheim, ciudades separadas entre sí por unos 105 km.[2]\hspace{0pt} Cabe destacar que fue un hito en la automovilística antigua, dado que un automóvil de esta época tenía como velocidad máxima unos 20 km/h, gastaba muchísimo más combustible de lo que gasta ahora un vehículo a esa misma velocidad y la gasolina se compraba en farmacias, donde no estaba disponible en grandes cantidades.[cita requerida]El 31 de agosto de 1908, Henry Ford comenzó a producir automóviles en una cadena de montaje con el Ford modelo T, lo que le permitió alcanzar cifras de fabricación hasta entonces impensables. Ford aprovechó el empuje de la Revolución industrial y comenzó a fabricar el Modelo T, en serie, esto era algo nunca antes visto ya que previamente todos los automóviles se fabrican a mano, con un proceso artesanal que requería de mucho tiempo. La línea de ensamble de Ford le permitió fabricar los Modelo T durante casi veinte años, en los cuales produjo quince millones de ejemplares.},
  langid = {spanish},
  annotation = {Page Version ID: 143484135},
  file = {/home/javinator9889/Zotero/storage/5E3FMGQI/Historia_de_la_automoción.html}
}

@article{husseinaliameenDrivingBehaviourIdentification2021,
  title = {Driving {{Behaviour Identification}} Based on {{OBD Speed}} and {{GPS Data Analysis}}},
  author = {{Hussein Ali Ameen} and {Abd Kadir Mahamad} and {Sharifah Saon} and {Mohd Anuaruddin Ahmadon} and {Shingo Yamaguchi}},
  date = {2021-01-28},
  journaltitle = {Advances in Science, Technology and Engineering Systems Journal},
  shortjournal = {ASTESJ},
  series = {Advances in {{Science}}, {{Technology}} and {{Engineering Systems Journal}}},
  volume = {6},
  number = {1},
  pages = {550--569},
  issn = {2415-6698},
  url = {https://www.astesj.com/publications/ASTESJ_060160.pdf},
  abstract = {Vehicle accidents, particularly in small and large urban areas, are rising tremendously day by day worldwide. As a recent research subject in automaton transportation, the subsequent collision has become a vital issue and emergency. Internet of things (IoT) and the Internet of Vehicles (IoV) have become very popular these days because of their versatility, and robust cybersecurity underpin these new connected services. Aggressive driving among improper driving behaviours is a mainly responsible cause of traffic accidents that endanger human safety and property. Identifying dangerous driving is a significant step in changing this situation by analyzing data recorded through different gathering devices. The focus of aggressive recognition research has recently shifted to the use of vehicle motion data, which has emerged as a new technique for understanding the phenomenon of traffic. As aggressive driving refers to abrupt changes in actions, it is possible to classify them based on the vehicle's movement data. This paper presents a method to identify driving behaviours categorized into four groups: dangerous, aggressive, safe and normal behaviour to reduce the risk of accidents based on real-time data recorded from vehicles and reference data provided by previous researchers. Comparison and statistical methods have been done to determine the best way to collect driving data based on independent-samples t-test using Statistical Package for the Social Sciences (SPSS) statistics to compare the means between groups on the same continuous, dependent variable. Results have also shown that a small difference of speed between the mobile application and the On-Board Diagnostics (OBD-II) speed with 𝑡(4024.1) = 1.8, 𝑝 = .071, which can be considered acceptable. Furthermore, the OBD-II adapter and mobile application speed were significantly different from the independent GPS device with 𝑡(3184.9) = 10.8, 𝑝 = 0 and 𝑡(4416.5) = 13.2, 𝑝 = 0. Consequently, it is expected to improve drivers' awareness of their driving behaviours},
  langid = {english}
}

@inreference{InterfazProgramacionAplicaciones2021,
  title = {Interfaz de programación de aplicaciones},
  booktitle = {Wikipedia, la enciclopedia libre},
  date = {2021-06-28T10:02:31Z},
  url = {https://es.wikipedia.org/w/index.php?title=Interfaz_de_programación_de_aplicaciones&oldid=136639494},
  urldate = {2021-07-06},
  abstract = {La interfaz de programación de  aplicaciones, conocida también por la sigla API, en inglés, application programming interface,[1]\hspace{0pt} es un conjunto de subrutinas, funciones y procedimientos (o métodos, en la programación orientada a objetos) que ofrece cierta biblioteca para ser utilizada por otro software como una capa de abstracción.[2]\hspace{0pt} Son usadas generalmente en las bibliotecas de programación.[2]\hspace{0pt}},
  langid = {spanish},
  annotation = {Page Version ID: 136639494},
  file = {/home/javinator9889/Zotero/storage/R4628F4W/index.html}
}

@inreference{InternetCosas2021,
  title = {Internet de las cosas},
  booktitle = {Wikipedia, la enciclopedia libre},
  date = {2021-06-25T17:40:03Z},
  url = {https://es.wikipedia.org/w/index.php?title=Internet_de_las_cosas&oldid=136582135},
  urldate = {2021-06-30},
  abstract = {La internet de las cosas (en inglés, Internet of things, abreviado IoT;[1]\hspace{0pt} IdC, por sus siglas en español)[2]\hspace{0pt} es un concepto que se refiere a una interconexión digital de objetos cotidianos con internet.[3]\hspace{0pt}[4]\hspace{0pt} Es, en definitiva, la conexión de internet más con objetos que con personas.[2]\hspace{0pt} También se suele conocer como internet de todas las cosas o internet en las cosas. Si los objetos de la vida cotidiana tuvieran incorporadas etiquetas de radio, podrían ser identificados y gestionados por otros equipos de la misma manera que si lo fuesen por seres humanos.[5]\hspace{0pt}[6]\hspace{0pt} Constituye un cambio radical en la calidad de vida de las personas en la sociedad, ofrece una gran cantidad de nuevas oportunidades de acceso a datos, servicios específicos en la educación, seguridad, asistencia sanitaria y en el transporte,  entre otros campos. El concepto de internet de las cosas fue propuesto   en 1999, por Kevin Ashton, en el Auto-ID Center del MIT,[7]\hspace{0pt} en donde se realizaban investigaciones en el campo de la identificación por radiofrecuencia en red (RFID) y tecnologías de sensores.[8]\hspace{0pt} Por ejemplo, si los libros, termostatos, refrigeradores, la paquetería, lámparas, botiquines, partes automotrices, entre otros, estuvieran conectados a internet y equipados con dispositivos de identificación, no existirían, en teoría, artículos fuera de stock o medicinas caducas; sabríamos exactamente la ubicación, cómo se consumen en el mundo; el extravío pasaría a ser cosa del pasado, y sabríamos qué está encendido y qué está apagado en todo momento.[9]\hspace{0pt} Se calcula que todo ser humano está rodeado, al menos, por un total de aproximadamente 1000 a 5000 objetos.[10]\hspace{0pt}[11]\hspace{0pt} Por un lado, según la empresa Gartner, en 2020[12]\hspace{0pt} habrá en el mundo aproximadamente 26 mil millones de dispositivos con un sistema de conexión al internet de las cosas.[13]\hspace{0pt} Abi Research, por otro lado, afirma que para el mismo año existirán 30 mil millones de dispositivos inalámbricos conectados a internet.[14]\hspace{0pt} Con la próxima generación de aplicaciones de internet (protocolo IPv6) se podrían identificar todos los objetos, algo que no se podía hacer con IPv4. Este sistema sería capaz de identificar instantáneamente por medio de un código a cualquier tipo de objeto.[15]\hspace{0pt} La empresa estadounidense Cisco, que es quien está detrás de la iniciativa de la internet de las cosas, ha creado un “contador de conexiones” dinámico que le permite estimar el número de “cosas” conectadas desde julio del 2013 hasta 2020.[16]\hspace{0pt} La conexión de  dispositivos  a la red a través de señales de radio de baja potencia es el campo de estudio más activo de la internet de las cosas. Este hecho explica por qué las señales de este tipo no necesitan wi-fi ni bluetooth. Sin embargo, se están investigando distintas alternativas que necesitan menos energía y que resultan más económicas, con el nombre Chirp Networks.[17]\hspace{0pt}[18]\hspace{0pt} A la fecha de este artículo, el término internet de las cosas se usa con una denotación de conexión avanzada de dispositivos, sistemas y servicios que va más allá del tradicional M2M (máquina a máquina) y abarca una amplia variedad de protocolos, dominios y aplicaciones. [17]\hspace{0pt}[19]\hspace{0pt} El servicio touchatag de Alcatel-Lucent y el gadget Violeta Mirror pueden proporcionar un enfoque de orientación pragmática a los consumidores de la internet de las cosas, por el que cualquiera puede enlazar elementos del mundo real al mundo en línea utilizando las etiquetas RFID (y códigos QR, en el caso de touchatag).},
  langid = {spanish},
  annotation = {Page Version ID: 136582135},
  file = {/home/javinator9889/Zotero/storage/YXZWRPDR/index.html}
}

@online{L7805CVSTMicroelectronicsMouser,
  title = {{{L7805CV STMicroelectronics}} | {{Mouser España}}},
  url = {https://www.mouser.es/ProductDetail/STMicroelectronics/L7805CV?qs=9NrABl3fj%2FqplZAHiYUxWg%3D%3D},
  urldate = {2022-07-11},
  file = {/home/javinator9889/Zotero/storage/3VYHGVAN/L7805CV.html}
}

@online{loraallianceCoverageOperatorMaps,
  title = {Coverage \& {{Operator Maps}}},
  author = {LoRa Alliance},
  url = {https://lora-alliance.org/},
  urldate = {2021-07-01},
  langid = {american},
  organization = {{LoRa Alliance®}},
  file = {/home/javinator9889/Zotero/storage/CC3TVASW/lora-alliance.org.html}
}

@online{MobileIoTDeployment,
  title = {Mobile {{IoT Deployment Map}}},
  url = {https://www.gsma.com/iot/deployment-map/},
  urldate = {2021-07-01},
  abstract = {This map illustrates the Mobile IoT commercial launches to-date. For a summary list of launches, please visit Mobile IoT Commercial Launches. Select the country and scroll down for details. Find out more: For any enquiries, please email~GSMA IoT Marketing. Last Edit: November 2020},
  langid = {american},
  organization = {{Internet of Things}},
  file = {/home/javinator9889/Zotero/storage/FULXZQ9V/deployment-map.html}
}

@inreference{OBD2021,
  title = {OBD},
  booktitle = {Wikipedia, la enciclopedia libre},
  date = {2021-03-23T07:36:51Z},
  url = {https://es.wikipedia.org/w/index.php?title=OBD&oldid=134200517},
  urldate = {2021-07-01},
  abstract = {OBD (On Board Diagnostics) es un sistema de diagnóstico a bordo en vehículos (automóviles, autobuses y camiones). Actualmente se emplean los estándares OBD-2 (Estados Unidos), EOBD (Europa) y JOBD (Japón) que aportan un monitoreo y control completo del motor y otros dispositivos del vehículo. Los vehículos pesados poseen una norma diferente, regulada por la SAE, conocida como J1939.},
  langid = {spanish},
  annotation = {Page Version ID: 134200517},
  file = {/home/javinator9889/Zotero/storage/M6R84IGD/index.html}
}

@online{OBDCodesComLeading,
  title = {{{OBD-Codes}}.Com the Leading {{OBD-II}} Trouble Code Resource Site},
  url = {https://www.obd-codes.com/},
  urldate = {2022-07-09},
  abstract = {We help you diagnose vehicle repair issues by providing detailed OBD-II trouble code articles and a free discussion forum to ask questions.},
  organization = {{OBD-Codes.com}},
  file = {/home/javinator9889/Zotero/storage/5C2Y4HWQ/www.obd-codes.com.html}
}

@inreference{OBDIIPIDs2021,
  title = {{{OBD-II PIDs}}},
  booktitle = {Wikipedia},
  date = {2021-06-21T23:35:29Z},
  url = {https://en.wikipedia.org/w/index.php?title=OBD-II_PIDs&oldid=1029775117},
  urldate = {2021-07-05},
  abstract = {OBD-II PIDs (On-board diagnostics Parameter IDs) are codes used to request data from a vehicle, used as a diagnostic tool. SAE standard J1979 defines many OBD-II PIDs. All on-road vehicles and trucks sold in North America are required to support a subset of these codes, primarily for state mandated emissions inspections. Manufacturers also define additional PIDs specific to their vehicles. Though not mandated, many motorcycles also support OBD-II PIDs. In 1996, light duty vehicles (less than 8,500 lb [3,900 kg]) were the first to be mandated followed by medium duty vehicles (between 8,500–14,000 lb [3,900–6,400 kg]) in 2005. They are both required to be accessed through a standardized data link connector defined by SAE J1962. Heavy duty vehicles (greater than 14,000 lb [6,400 kg]) made after 2010, for sale in the US are allowed to support OBD-II diagnostics through SAE standard J1939-13 (a round diagnostic connector) according to CARB in title 13 CCR 1971.1.  Some heavy duty trucks in North America use the SAE J1962 OBD-II diagnostic connector that is common with passenger cars, notably Mack and Volvo Trucks, however they use 29 bit CAN identifiers (unlike 11 bit headers used by passenger cars).},
  langid = {english},
  annotation = {Page Version ID: 1029775117},
  file = {/home/javinator9889/Zotero/storage/EM3GAN85/index.html}
}

@online{ReferenceManualChapter,
  title = {Reference {{Manual}}: {{Chapter}} 10: {{Emissions Equipment}}: {{ECM ALDL}}},
  url = {http://tech.oldsgmail.com/ecm_aldl.php},
  urldate = {2022-06-18},
  file = {/home/javinator9889/Zotero/storage/FRSBNLUL/ecm_aldl.html}
}

@article{rimpasOBDIISensorDiagnostics2020,
  title = {{{OBD-II}} Sensor Diagnostics for Monitoring Vehicle Operation and Consumption},
  author = {Rimpas, Dimitrios and Papadakis, Andreas and Samarakou, Maria},
  date = {2020-02-01},
  journaltitle = {Energy Reports},
  shortjournal = {Energy Reports},
  series = {Technologies and {{Materials}} for {{Renewable Energy}}, {{Environment}} and {{Sustainability}}},
  volume = {6},
  pages = {55--63},
  issn = {2352-4847},
  doi = {10.1016/j.egyr.2019.10.018},
  url = {https://www.sciencedirect.com/science/article/pii/S2352484719308649},
  urldate = {2022-06-25},
  abstract = {Road vehicles operations are continuously monitored through physical parameters (temperature, air flow, rotation rate); such measurements are retrieved by electronic sensors and communicated, over the internal vehicle communications protocol, towards the Main Control Unit for further processing. In this paper we present our selection of parameters for monitoring key vehicle operations and briefly describe the sensors employed for the retrieval of these parameter values. The values are retrieved through the OBD-II diagnostics protocol and they are related with the vehicle operation and with the fuel consumption. As proof of concept, focused experimentation has taken place, through a 5 km trip with low and heavy traffic. Values retrieved from the OBD-II scanner are presented and discussed. In terms of evaluation, the raw values as well as the calculated measurements related to fuel consumption are compared with manufacturer standards and the user driving behaviour has been identified as the key factor influencing the fuel consumption for a given model.},
  langid = {english},
  keywords = {CANBus,Control,Fuel consumption,OBD-II,Sensors,Values,Vehicle},
  file = {/home/javinator9889/Zotero/storage/9R2LNXDA/Rimpas et al. - 2020 - OBD-II sensor diagnostics for monitoring vehicle o.pdf;/home/javinator9889/Zotero/storage/8Y5AXRGR/S2352484719308649.html}
}

@online{SistemaOBD2Historia,
  title = {Sistema {{OBD2}} - {{Historia}}, Descripción y Futuro.},
  url = {https://obd2-elm327.es/sistema-obd2-historia-descripcion-futuro},
  urldate = {2022-06-18},
  file = {/home/javinator9889/Zotero/storage/6MZ7HPHF/sistema-obd2-historia-descripcion-futuro.html}
}

@inreference{TransferenciaEstadoRepresentacional2022,
  title = {Transferencia de Estado Representacional},
  booktitle = {Wikipedia, la enciclopedia libre},
  date = {2022-01-05T17:34:43Z},
  url = {https://es.wikipedia.org/w/index.php?title=Transferencia_de_Estado_Representacional&oldid=140748018},
  urldate = {2022-07-10},
  abstract = {La transferencia de estado representacional (en inglés representational state transfer) o REST es un estilo de arquitectura software para sistemas hipermedia distribuidos como la World Wide Web. El término se originó en el año 2000, en una tesis doctoral sobre la web escrita por Roy Fielding, uno de los principales autores de la especificación del protocolo HTTP y ha pasado a ser ampliamente utilizado por la comunidad de desarrollo.},
  langid = {spanish},
  annotation = {Page Version ID: 140748018},
  file = {/home/javinator9889/Zotero/storage/HELG3C87/Transferencia_de_Estado_Representacional.html}
}

@inreference{Trilateracion2021,
  title = {Trilateración},
  booktitle = {Wikipedia, la enciclopedia libre},
  date = {2021-02-19T07:22:44Z},
  url = {https://es.wikipedia.org/w/index.php?title=Trilateración&oldid=133346807},
  urldate = {2021-07-01},
  abstract = {La trilateración es un método matemático para determinar las posiciones relativas de objetos usando la geometría de triángulos de forma análoga a la triangulación. A diferencia de esta, que usa medidas de ángulo (junto con al menos una distancia conocida para calcular la localización del sujeto), la trilateración usa las localizaciones conocidas de dos o más puntos de referencia, y la distancia medida entre el sujeto y cada punto de referencia. Para determinar de forma única y precisa la localización relativa de un punto en un plano bidimensional usando solo trilateración, se necesitan generalmente al menos 3 puntos de referencia.},
  langid = {spanish},
  annotation = {Page Version ID: 133346807},
  file = {/home/javinator9889/Zotero/storage/GEICRNY9/index.html}
}

@inreference{VehicleIdentificationNumber2022,
  title = {Vehicle Identification Number},
  booktitle = {Wikipedia},
  date = {2022-07-08T01:48:14Z},
  url = {https://en.wikipedia.org/w/index.php?title=Vehicle_identification_number&oldid=1097000365},
  urldate = {2022-07-09},
  abstract = {A vehicle identification number (VIN) (also called a chassis number or frame number) is a unique code, including a serial number, used by the automotive industry to identify individual motor vehicles, towed vehicles, motorcycles, scooters and mopeds, as defined by the International Organization for Standardization in ISO 3779 (content and structure) and ISO 4030 (location and attachment).VINs were first used in 1954 in the United States. From 1954 to 1981, there was no accepted standard for these numbers, so different manufacturers used different formats. In 1954, at the request of the US government, US car manufacturers and the Automobile Manufacturers Association were involved in the creation of the new, standardized vehicle identification numbering system named the Vehicle Identification Number (VIN) with an agreed upon digit sequence and concealed chassis markings of this VIN.In 1981, the National Highway Traffic Safety Administration of the United States standardized the format. It required all on-road vehicles sold to contain a 17-character VIN, which does not include the letters O (o), I (i), and Q (q) (to avoid confusion with numerals 0, 1, and 9). There are vehicle history services in several countries that help potential car owners use VINs to find vehicles that are defective or have been written off.},
  langid = {english},
  annotation = {Page Version ID: 1097000365},
  file = {/home/javinator9889/Zotero/storage/6LIFNT42/Vehicle_identification_number.html}
}

@online{vishHowMuchData2020,
  title = {How {{Much Data Is Created Every Day}} in 2021? [{{You}}'ll Be Shocked!]},
  shorttitle = {How {{Much Data Is Created Every Day}} in 2021?},
  author = {{Vish}},
  date = {2020-06-24T09:29:40+00:00},
  url = {https://techjury.net/blog/how-much-data-is-created-every-day/},
  urldate = {2021-06-30},
  abstract = {How much data is created every day? If "a lot" isn't enough for you, then check out our list of data growth statistics to find the answer!},
  langid = {american},
  organization = {{TechJury}},
  file = {/home/javinator9889/Zotero/storage/DS8E6T23/how-much-data-is-created-every-day.html}
}

@inreference{VolkswagenTipo2021,
  title = {Volkswagen Tipo 3},
  booktitle = {Wikipedia, la enciclopedia libre},
  date = {2021-01-11T11:50:15Z},
  url = {https://es.wikipedia.org/w/index.php?title=Volkswagen_Tipo_3&oldid=132314772},
  urldate = {2022-06-18},
  abstract = {El Volkswagen Tipo 3, generalmente conocido como el Volkswagen "1500" y posteriormente como el Volkswagen "1600", fue una gama de autos perteneciente al Segmento D desarrollada por el fabricante de automóviles alemán Volkswagen producidos en el periodo comprendido entre 1961 y 1973. De esta gama son conocidas sus carrocerías Sedán 2 puertas, Fastback 2 puertas, y familiar 3 puertas, denominada por el fabricante como Variant. Este automóvil es conocido bajo el nombre de Tipo 3, debido a que el Volkswagen Sedán original se conoce también como Tipo 1, el Kombi/Transporter es conocido como Tipo 2, y el último modelo de la firma en llevar un motor tipo Bóxer enfriado por aire en la parte trasera fue el Volkswagen 411, y a partir de 1973, el Volkswagen 412, originalmente llamado Tipo 4. La presentación de este modelo se llevó a cabo dentro del marco del Salón del Automóvil de Frankfurt en 1961, inicialmente en dos variantes: Sedán 2 puertas y coupé, llamado Karmann Ghia 1600, cuya nomenclatura interna es la de tipo 34. La carrocería Variant (conocida en los países angloparlantes como Squareback) fue presentada en 1962 (Volkswagen continúa a la fecha denominando mayoritariamente a las variantes familiares de sus modelos como Variant). En agosto de 1965 se presenta la variante Fastback. Su base mecánica (chasís, distancia entre ejes, motor, transmisión) es compartida con el Volkswagen Sedán, de cuya base se partió para hacer un diseño claramente más moderno y con un interior más espacioso de lo que el Volkswagen Sedán podía ofrecer, de tal manera, que con un presupuesto relativamente pequeño para su desarrollo, le permitieran a la compañía diversificar su gama de vehículos. Aunque esta gama estuvo disponible de inicio en muchos países del mundo, no fue sino hasta 1966 en que comienza su comercialización en los Estados Unidos, en las variantes fastback y Variant.},
  langid = {spanish},
  annotation = {Page Version ID: 132314772},
  file = {/home/javinator9889/Zotero/storage/8AUJ6UAP/Volkswagen_Tipo_3.html}
}


